%YAML 1.1
%TAG !u! tag:unity3d.com,2011:
--- !u!1 &1237497214082858716
GameObject:
  m_ObjectHideFlags: 0
  m_CorrespondingSourceObject: {fileID: 0}
  m_PrefabInstance: {fileID: 0}
  m_PrefabAsset: {fileID: 0}
  serializedVersion: 6
  m_Component:
  - component: {fileID: 6777052452170162849}
  - component: {fileID: 8204765537558362480}
  m_Layer: 0
  m_Name: root (2)
  m_TagString: Untagged
  m_Icon: {fileID: 0}
  m_NavMeshLayer: 0
  m_StaticEditorFlags: 0
  m_IsActive: 0
--- !u!4 &6777052452170162849
Transform:
  m_ObjectHideFlags: 0
  m_CorrespondingSourceObject: {fileID: 0}
  m_PrefabInstance: {fileID: 0}
  m_PrefabAsset: {fileID: 0}
  m_GameObject: {fileID: 1237497214082858716}
  m_LocalRotation: {x: -0, y: 0.866024, z: -0, w: 0.5000024}
  m_LocalPosition: {x: -2.195, y: 0, z: -0.723}
  m_LocalScale: {x: 1, y: 1, z: 1}
  m_Children:
  - {fileID: 8202283246514331864}
  m_Father: {fileID: 8147524142620926667}
  m_RootOrder: 2
  m_LocalEulerAnglesHint: {x: 0, y: 120, z: 0}
--- !u!95 &8204765537558362480
Animator:
  serializedVersion: 3
  m_ObjectHideFlags: 0
  m_CorrespondingSourceObject: {fileID: 0}
  m_PrefabInstance: {fileID: 0}
  m_PrefabAsset: {fileID: 0}
  m_GameObject: {fileID: 1237497214082858716}
  m_Enabled: 0
  m_Avatar: {fileID: 0}
  m_Controller: {fileID: 9100000, guid: ec152a9ae8bfe4b4f87f11b3df7894b3, type: 2}
  m_CullingMode: 0
  m_UpdateMode: 0
  m_ApplyRootMotion: 0
  m_LinearVelocityBlending: 0
  m_WarningMessage: 
  m_HasTransformHierarchy: 1
  m_AllowConstantClipSamplingOptimization: 1
  m_KeepAnimatorControllerStateOnDisable: 0
--- !u!1 &1492663913292512173
GameObject:
  m_ObjectHideFlags: 0
  m_CorrespondingSourceObject: {fileID: 0}
  m_PrefabInstance: {fileID: 0}
  m_PrefabAsset: {fileID: 0}
  serializedVersion: 6
  m_Component:
  - component: {fileID: 1280972386870775685}
  - component: {fileID: 5980236596281853950}
  m_Layer: 0
  m_Name: root
  m_TagString: Untagged
  m_Icon: {fileID: 0}
  m_NavMeshLayer: 0
  m_StaticEditorFlags: 0
  m_IsActive: 0
--- !u!4 &1280972386870775685
Transform:
  m_ObjectHideFlags: 0
  m_CorrespondingSourceObject: {fileID: 0}
  m_PrefabInstance: {fileID: 0}
  m_PrefabAsset: {fileID: 0}
  m_GameObject: {fileID: 1492663913292512173}
  m_LocalRotation: {x: -0, y: 0.866024, z: -0, w: 0.5000024}
  m_LocalPosition: {x: -1.213, y: 0, z: -0.645}
  m_LocalScale: {x: 1, y: 1, z: 1}
  m_Children:
  - {fileID: 8546542878782038977}
  m_Father: {fileID: 8147524142620926667}
  m_RootOrder: 0
  m_LocalEulerAnglesHint: {x: 0, y: 120, z: 0}
--- !u!95 &5980236596281853950
Animator:
  serializedVersion: 3
  m_ObjectHideFlags: 0
  m_CorrespondingSourceObject: {fileID: 0}
  m_PrefabInstance: {fileID: 0}
  m_PrefabAsset: {fileID: 0}
  m_GameObject: {fileID: 1492663913292512173}
  m_Enabled: 0
  m_Avatar: {fileID: 0}
  m_Controller: {fileID: 9100000, guid: ec152a9ae8bfe4b4f87f11b3df7894b3, type: 2}
  m_CullingMode: 0
  m_UpdateMode: 0
  m_ApplyRootMotion: 0
  m_LinearVelocityBlending: 0
  m_WarningMessage: 
  m_HasTransformHierarchy: 1
  m_AllowConstantClipSamplingOptimization: 1
  m_KeepAnimatorControllerStateOnDisable: 0
--- !u!1 &5849504523152038345
GameObject:
  m_ObjectHideFlags: 0
  m_CorrespondingSourceObject: {fileID: 0}
  m_PrefabInstance: {fileID: 0}
  m_PrefabAsset: {fileID: 0}
  serializedVersion: 6
  m_Component:
  - component: {fileID: 7733733922231794937}
  - component: {fileID: 5438378039005778548}
  m_Layer: 0
  m_Name: root (1)
  m_TagString: Untagged
  m_Icon: {fileID: 0}
  m_NavMeshLayer: 0
  m_StaticEditorFlags: 0
  m_IsActive: 0
--- !u!4 &7733733922231794937
Transform:
  m_ObjectHideFlags: 0
  m_CorrespondingSourceObject: {fileID: 0}
  m_PrefabInstance: {fileID: 0}
  m_PrefabAsset: {fileID: 0}
  m_GameObject: {fileID: 5849504523152038345}
  m_LocalRotation: {x: -0, y: 0.866024, z: -0, w: 0.5000024}
  m_LocalPosition: {x: -1.675, y: 0, z: 0.167}
  m_LocalScale: {x: 1, y: 1, z: 1}
  m_Children:
  - {fileID: 7881987278550814481}
  m_Father: {fileID: 8147524142620926667}
  m_RootOrder: 1
  m_LocalEulerAnglesHint: {x: 0, y: 120, z: 0}
--- !u!95 &5438378039005778548
Animator:
  serializedVersion: 3
  m_ObjectHideFlags: 0
  m_CorrespondingSourceObject: {fileID: 0}
  m_PrefabInstance: {fileID: 0}
  m_PrefabAsset: {fileID: 0}
  m_GameObject: {fileID: 5849504523152038345}
  m_Enabled: 0
  m_Avatar: {fileID: 0}
  m_Controller: {fileID: 9100000, guid: ec152a9ae8bfe4b4f87f11b3df7894b3, type: 2}
  m_CullingMode: 0
  m_UpdateMode: 0
  m_ApplyRootMotion: 0
  m_LinearVelocityBlending: 0
  m_WarningMessage: 
  m_HasTransformHierarchy: 1
  m_AllowConstantClipSamplingOptimization: 1
  m_KeepAnimatorControllerStateOnDisable: 0
--- !u!1 &6181648070080926890
GameObject:
  m_ObjectHideFlags: 0
  m_CorrespondingSourceObject: {fileID: 0}
  m_PrefabInstance: {fileID: 0}
  m_PrefabAsset: {fileID: 0}
  serializedVersion: 6
  m_Component:
  - component: {fileID: 6665345255210734031}
  m_Layer: 0
  m_Name: Spawner
  m_TagString: Untagged
  m_Icon: {fileID: 0}
  m_NavMeshLayer: 0
  m_StaticEditorFlags: 0
  m_IsActive: 1
--- !u!4 &6665345255210734031
Transform:
  m_ObjectHideFlags: 0
  m_CorrespondingSourceObject: {fileID: 0}
  m_PrefabInstance: {fileID: 0}
  m_PrefabAsset: {fileID: 0}
  m_GameObject: {fileID: 6181648070080926890}
  m_LocalRotation: {x: 0, y: 0, z: 0, w: 1}
  m_LocalPosition: {x: 1.145, y: 0, z: -4.136}
  m_LocalScale: {x: 1, y: 1, z: 1}
  m_Children: []
  m_Father: {fileID: 8147524142620926667}
  m_RootOrder: 5
  m_LocalEulerAnglesHint: {x: 0, y: 0, z: 0}
--- !u!1 &6264111884275587553
GameObject:
  m_ObjectHideFlags: 0
  m_CorrespondingSourceObject: {fileID: 0}
  m_PrefabInstance: {fileID: 0}
  m_PrefabAsset: {fileID: 0}
  serializedVersion: 6
  m_Component:
  - component: {fileID: 8045055631827967736}
  m_Layer: 0
  m_Name: humans
  m_TagString: Untagged
  m_Icon: {fileID: 0}
  m_NavMeshLayer: 0
  m_StaticEditorFlags: 0
  m_IsActive: 1
--- !u!4 &8045055631827967736
Transform:
  m_ObjectHideFlags: 0
  m_CorrespondingSourceObject: {fileID: 0}
  m_PrefabInstance: {fileID: 0}
  m_PrefabAsset: {fileID: 0}
  m_GameObject: {fileID: 6264111884275587553}
  m_LocalRotation: {x: -0, y: 0.8485654, z: -0, w: 0.52909064}
  m_LocalPosition: {x: -1.065, y: 0, z: -1.802}
  m_LocalScale: {x: 1, y: 1, z: 1}
  m_Children:
  - {fileID: 5931153588885967638}
  - {fileID: 8601761472771852728}
  m_Father: {fileID: 8147524142620926667}
  m_RootOrder: 3
  m_LocalEulerAnglesHint: {x: 0, y: 116.112, z: 0}
--- !u!1 &6445574107760533829
GameObject:
  m_ObjectHideFlags: 0
  m_CorrespondingSourceObject: {fileID: 0}
  m_PrefabInstance: {fileID: 0}
  m_PrefabAsset: {fileID: 0}
  serializedVersion: 6
  m_Component:
  - component: {fileID: 4532884365621316029}
  m_Layer: 0
  m_Name: hide_after_done
  m_TagString: Untagged
  m_Icon: {fileID: 0}
  m_NavMeshLayer: 0
  m_StaticEditorFlags: 0
  m_IsActive: 1
--- !u!4 &4532884365621316029
Transform:
  m_ObjectHideFlags: 0
  m_CorrespondingSourceObject: {fileID: 0}
  m_PrefabInstance: {fileID: 0}
  m_PrefabAsset: {fileID: 0}
  m_GameObject: {fileID: 6445574107760533829}
  m_LocalRotation: {x: 0, y: 0, z: 0, w: 1}
  m_LocalPosition: {x: 0, y: 0, z: 0}
  m_LocalScale: {x: 1, y: 1, z: 1}
  m_Children:
  - {fileID: 5132848190069295119}
  - {fileID: 8546542877485055671}
  - {fileID: 8147524141520608974}
  m_Father: {fileID: 8147524142620926667}
  m_RootOrder: 4
  m_LocalEulerAnglesHint: {x: 0, y: 0, z: 0}
--- !u!1 &7938808758229187383
GameObject:
  m_ObjectHideFlags: 0
  m_CorrespondingSourceObject: {fileID: 0}
  m_PrefabInstance: {fileID: 0}
  m_PrefabAsset: {fileID: 0}
  serializedVersion: 6
  m_Component:
  - component: {fileID: 7753399626302598556}
  m_Layer: 0
  m_Name: Run_Target
  m_TagString: Untagged
  m_Icon: {fileID: 0}
  m_NavMeshLayer: 0
  m_StaticEditorFlags: 0
  m_IsActive: 1
--- !u!4 &7753399626302598556
Transform:
  m_ObjectHideFlags: 0
  m_CorrespondingSourceObject: {fileID: 0}
  m_PrefabInstance: {fileID: 0}
  m_PrefabAsset: {fileID: 0}
  m_GameObject: {fileID: 7938808758229187383}
  m_LocalRotation: {x: 0, y: 0, z: 0, w: 1}
  m_LocalPosition: {x: 0.02, y: 0, z: -1.59}
  m_LocalScale: {x: 1, y: 1, z: 1}
  m_Children: []
  m_Father: {fileID: 8147524142620926667}
  m_RootOrder: 6
  m_LocalEulerAnglesHint: {x: 0, y: 0, z: 0}
--- !u!1 &8147524142620926668
GameObject:
  m_ObjectHideFlags: 0
  m_CorrespondingSourceObject: {fileID: 0}
  m_PrefabInstance: {fileID: 0}
  m_PrefabAsset: {fileID: 0}
  serializedVersion: 6
  m_Component:
  - component: {fileID: 8147524142620926667}
  - component: {fileID: 6719678077697304250}
  - component: {fileID: 4792465557236146881}
  m_Layer: 0
  m_Name: DJ_Machine
  m_TagString: Activity
  m_Icon: {fileID: 0}
  m_NavMeshLayer: 0
  m_StaticEditorFlags: 0
  m_IsActive: 1
--- !u!4 &8147524142620926667
Transform:
  m_ObjectHideFlags: 0
  m_CorrespondingSourceObject: {fileID: 0}
  m_PrefabInstance: {fileID: 0}
  m_PrefabAsset: {fileID: 0}
  m_GameObject: {fileID: 8147524142620926668}
  m_LocalRotation: {x: 0, y: 0.86609954, z: 0, w: 0.49987158}
  m_LocalPosition: {x: 0, y: 0, z: 0}
  m_LocalScale: {x: 1, y: 1, z: 1}
  m_Children:
  - {fileID: 1280972386870775685}
  - {fileID: 7733733922231794937}
  - {fileID: 6777052452170162849}
  - {fileID: 8045055631827967736}
  - {fileID: 4532884365621316029}
  - {fileID: 6665345255210734031}
  - {fileID: 7753399626302598556}
  m_Father: {fileID: 0}
  m_RootOrder: 0
  m_LocalEulerAnglesHint: {x: 0, y: 120.017, z: 0}
--- !u!135 &6719678077697304250
SphereCollider:
  m_ObjectHideFlags: 0
  m_CorrespondingSourceObject: {fileID: 0}
  m_PrefabInstance: {fileID: 0}
  m_PrefabAsset: {fileID: 0}
  m_GameObject: {fileID: 8147524142620926668}
  m_Material: {fileID: 0}
  m_IsTrigger: 1
  m_Enabled: 1
  serializedVersion: 2
  m_Radius: 0.78950936
  m_Center: {x: -0.018255966, y: 0, z: -0.46282578}
--- !u!114 &4792465557236146881
MonoBehaviour:
  m_ObjectHideFlags: 0
  m_CorrespondingSourceObject: {fileID: 0}
  m_PrefabInstance: {fileID: 0}
  m_PrefabAsset: {fileID: 0}
  m_GameObject: {fileID: 8147524142620926668}
  m_Enabled: 1
  m_EditorHideFlags: 0
  m_Script: {fileID: 11500000, guid: 165803697ded7644789a48ecff5c4f08, type: 3}
  m_Name: 
  m_EditorClassIdentifier: 
  door_animator: {fileID: 0}
  max_to_spawn: 10
  spawned: 0
  npc_to_spawn: {fileID: 7928742524885802386, guid: 66352143010318a4caff6123e7fb618b, type: 3}
  spawn_after_seconds: 4
  spawn_range: 1
  spawner: {fileID: 6181648070080926890}
  run_target: {fileID: 7938808758229187383}
  friend_needed: 2
  friend_id_filter: 0
  friend_needed_text: {fileID: 8147524142772905072}
  col: {fileID: 0}
  hide_after_done:
  - {fileID: 6445574107760533829}
  animators_to_activate:
  - {fileID: 5980236596281853950}
  - {fileID: 5438378039005778548}
  - {fileID: 8204765537558362480}
  activate_after_done:
  - {fileID: 6414357799935183276}
  - {fileID: 8940851222077068034}
  - {fileID: 1492663913292512173}
  - {fileID: 5849504523152038345}
  - {fileID: 1237497214082858716}
--- !u!1001 &230198698977869545
PrefabInstance:
  m_ObjectHideFlags: 0
  serializedVersion: 2
  m_Modification:
    m_TransformParent: {fileID: 3630549903916137619}
    m_Modifications:
    - target: {fileID: -8679921383154817045, guid: 31f4e06a4b8a8f04196c6d640f720288, type: 3}
      propertyPath: m_RootOrder
      value: 1
      objectReference: {fileID: 0}
    - target: {fileID: -8679921383154817045, guid: 31f4e06a4b8a8f04196c6d640f720288, type: 3}
      propertyPath: m_LocalScale.x
      value: 0.14534107
      objectReference: {fileID: 0}
    - target: {fileID: -8679921383154817045, guid: 31f4e06a4b8a8f04196c6d640f720288, type: 3}
      propertyPath: m_LocalScale.y
      value: 0.14534107
      objectReference: {fileID: 0}
    - target: {fileID: -8679921383154817045, guid: 31f4e06a4b8a8f04196c6d640f720288, type: 3}
      propertyPath: m_LocalScale.z
      value: 0.14534107
      objectReference: {fileID: 0}
    - target: {fileID: -8679921383154817045, guid: 31f4e06a4b8a8f04196c6d640f720288, type: 3}
      propertyPath: m_LocalPosition.x
      value: -0.00049
      objectReference: {fileID: 0}
    - target: {fileID: -8679921383154817045, guid: 31f4e06a4b8a8f04196c6d640f720288, type: 3}
      propertyPath: m_LocalPosition.y
      value: 0.00108
      objectReference: {fileID: 0}
    - target: {fileID: -8679921383154817045, guid: 31f4e06a4b8a8f04196c6d640f720288, type: 3}
      propertyPath: m_LocalPosition.z
      value: -0.00208
      objectReference: {fileID: 0}
    - target: {fileID: -8679921383154817045, guid: 31f4e06a4b8a8f04196c6d640f720288, type: 3}
      propertyPath: m_LocalRotation.w
      value: 0.99970084
      objectReference: {fileID: 0}
    - target: {fileID: -8679921383154817045, guid: 31f4e06a4b8a8f04196c6d640f720288, type: 3}
      propertyPath: m_LocalRotation.x
      value: 0.019235283
      objectReference: {fileID: 0}
    - target: {fileID: -8679921383154817045, guid: 31f4e06a4b8a8f04196c6d640f720288, type: 3}
      propertyPath: m_LocalRotation.y
      value: 0.0034395212
      objectReference: {fileID: 0}
    - target: {fileID: -8679921383154817045, guid: 31f4e06a4b8a8f04196c6d640f720288, type: 3}
      propertyPath: m_LocalRotation.z
      value: 0.014709679
      objectReference: {fileID: 0}
    - target: {fileID: -8679921383154817045, guid: 31f4e06a4b8a8f04196c6d640f720288, type: 3}
      propertyPath: m_LocalEulerAnglesHint.x
      value: 2.198
      objectReference: {fileID: 0}
    - target: {fileID: -8679921383154817045, guid: 31f4e06a4b8a8f04196c6d640f720288, type: 3}
      propertyPath: m_LocalEulerAnglesHint.y
      value: 0.427
      objectReference: {fileID: 0}
    - target: {fileID: -8679921383154817045, guid: 31f4e06a4b8a8f04196c6d640f720288, type: 3}
      propertyPath: m_LocalEulerAnglesHint.z
      value: 1.694
      objectReference: {fileID: 0}
    - target: {fileID: 919132149155446097, guid: 31f4e06a4b8a8f04196c6d640f720288, type: 3}
      propertyPath: m_Name
      value: mic
      objectReference: {fileID: 0}
    m_RemovedComponents: []
  m_SourcePrefab: {fileID: 100100000, guid: 31f4e06a4b8a8f04196c6d640f720288, type: 3}
--- !u!1001 &1771872285748405005
PrefabInstance:
  m_ObjectHideFlags: 0
  serializedVersion: 2
  m_Modification:
    m_TransformParent: {fileID: 4532884365621316029}
    m_Modifications:
    - target: {fileID: 709604136612353958, guid: c709e9fc7bf5d83449df0ec2496923d0, type: 3}
      propertyPath: m_Color.b
      value: 0.9245283
      objectReference: {fileID: 0}
    - target: {fileID: 709604136612353958, guid: c709e9fc7bf5d83449df0ec2496923d0, type: 3}
      propertyPath: m_Color.g
      value: 0.7286045
      objectReference: {fileID: 0}
    - target: {fileID: 709604136612353958, guid: c709e9fc7bf5d83449df0ec2496923d0, type: 3}
      propertyPath: m_Color.r
      value: 0.42301533
      objectReference: {fileID: 0}
    - target: {fileID: 5926837079651146525, guid: c709e9fc7bf5d83449df0ec2496923d0, type: 3}
      propertyPath: m_LocalScale.x
      value: 0.007474683
      objectReference: {fileID: 0}
    - target: {fileID: 5926837079651146525, guid: c709e9fc7bf5d83449df0ec2496923d0, type: 3}
      propertyPath: m_LocalScale.y
      value: 0.04180015
      objectReference: {fileID: 0}
    - target: {fileID: 5926837079651146525, guid: c709e9fc7bf5d83449df0ec2496923d0, type: 3}
      propertyPath: m_LocalScale.z
      value: 0.007474683
      objectReference: {fileID: 0}
    - target: {fileID: 5926837079651146525, guid: c709e9fc7bf5d83449df0ec2496923d0, type: 3}
      propertyPath: m_LocalPosition.z
      value: 0.057
      objectReference: {fileID: 0}
    - target: {fileID: 7604088821055047548, guid: c709e9fc7bf5d83449df0ec2496923d0, type: 3}
      propertyPath: m_LocalEulerAnglesHint.x
      value: 0
      objectReference: {fileID: 0}
    - target: {fileID: 7604088821887925697, guid: c709e9fc7bf5d83449df0ec2496923d0, type: 3}
      propertyPath: m_PresetInfoIsWorld
      value: 1
      objectReference: {fileID: 0}
    - target: {fileID: 7604088821887925698, guid: c709e9fc7bf5d83449df0ec2496923d0, type: 3}
      propertyPath: m_Name
      value: friend_needed_text
      objectReference: {fileID: 0}
    - target: {fileID: 7604088821887925699, guid: c709e9fc7bf5d83449df0ec2496923d0, type: 3}
      propertyPath: m_Pivot.x
      value: 0.5
      objectReference: {fileID: 0}
    - target: {fileID: 7604088821887925699, guid: c709e9fc7bf5d83449df0ec2496923d0, type: 3}
      propertyPath: m_Pivot.y
      value: 0.5
      objectReference: {fileID: 0}
    - target: {fileID: 7604088821887925699, guid: c709e9fc7bf5d83449df0ec2496923d0, type: 3}
      propertyPath: m_RootOrder
      value: 2
      objectReference: {fileID: 0}
    - target: {fileID: 7604088821887925699, guid: c709e9fc7bf5d83449df0ec2496923d0, type: 3}
      propertyPath: m_AnchorMax.x
      value: 0
      objectReference: {fileID: 0}
    - target: {fileID: 7604088821887925699, guid: c709e9fc7bf5d83449df0ec2496923d0, type: 3}
      propertyPath: m_AnchorMax.y
      value: 0
      objectReference: {fileID: 0}
    - target: {fileID: 7604088821887925699, guid: c709e9fc7bf5d83449df0ec2496923d0, type: 3}
      propertyPath: m_AnchorMin.x
      value: 0
      objectReference: {fileID: 0}
    - target: {fileID: 7604088821887925699, guid: c709e9fc7bf5d83449df0ec2496923d0, type: 3}
      propertyPath: m_AnchorMin.y
      value: 0
      objectReference: {fileID: 0}
    - target: {fileID: 7604088821887925699, guid: c709e9fc7bf5d83449df0ec2496923d0, type: 3}
      propertyPath: m_SizeDelta.x
      value: 1440
      objectReference: {fileID: 0}
    - target: {fileID: 7604088821887925699, guid: c709e9fc7bf5d83449df0ec2496923d0, type: 3}
      propertyPath: m_SizeDelta.y
      value: 2880
      objectReference: {fileID: 0}
    - target: {fileID: 7604088821887925699, guid: c709e9fc7bf5d83449df0ec2496923d0, type: 3}
      propertyPath: m_LocalScale.x
      value: 1
      objectReference: {fileID: 0}
    - target: {fileID: 7604088821887925699, guid: c709e9fc7bf5d83449df0ec2496923d0, type: 3}
      propertyPath: m_LocalScale.z
      value: 1
      objectReference: {fileID: 0}
    - target: {fileID: 7604088821887925699, guid: c709e9fc7bf5d83449df0ec2496923d0, type: 3}
      propertyPath: m_LocalPosition.x
      value: 0
      objectReference: {fileID: 0}
    - target: {fileID: 7604088821887925699, guid: c709e9fc7bf5d83449df0ec2496923d0, type: 3}
      propertyPath: m_LocalPosition.y
      value: 0
      objectReference: {fileID: 0}
    - target: {fileID: 7604088821887925699, guid: c709e9fc7bf5d83449df0ec2496923d0, type: 3}
      propertyPath: m_LocalPosition.z
      value: 622.90027
      objectReference: {fileID: 0}
    - target: {fileID: 7604088821887925699, guid: c709e9fc7bf5d83449df0ec2496923d0, type: 3}
      propertyPath: m_LocalRotation.w
      value: 0.49986833
      objectReference: {fileID: 0}
    - target: {fileID: 7604088821887925699, guid: c709e9fc7bf5d83449df0ec2496923d0, type: 3}
      propertyPath: m_LocalRotation.x
      value: -0
      objectReference: {fileID: 0}
    - target: {fileID: 7604088821887925699, guid: c709e9fc7bf5d83449df0ec2496923d0, type: 3}
      propertyPath: m_LocalRotation.y
      value: -0.86610144
      objectReference: {fileID: 0}
    - target: {fileID: 7604088821887925699, guid: c709e9fc7bf5d83449df0ec2496923d0, type: 3}
      propertyPath: m_LocalRotation.z
      value: -0
      objectReference: {fileID: 0}
    - target: {fileID: 7604088821887925699, guid: c709e9fc7bf5d83449df0ec2496923d0, type: 3}
      propertyPath: m_AnchoredPosition.x
      value: -360.44
      objectReference: {fileID: 0}
    - target: {fileID: 7604088821887925699, guid: c709e9fc7bf5d83449df0ec2496923d0, type: 3}
      propertyPath: m_AnchoredPosition.y
      value: 1440
      objectReference: {fileID: 0}
    - target: {fileID: 7604088821887925699, guid: c709e9fc7bf5d83449df0ec2496923d0, type: 3}
      propertyPath: m_LocalEulerAnglesHint.x
      value: 0
      objectReference: {fileID: 0}
    - target: {fileID: 7604088821887925699, guid: c709e9fc7bf5d83449df0ec2496923d0, type: 3}
      propertyPath: m_LocalEulerAnglesHint.y
      value: 0
      objectReference: {fileID: 0}
    - target: {fileID: 7604088821887925699, guid: c709e9fc7bf5d83449df0ec2496923d0, type: 3}
      propertyPath: m_LocalEulerAnglesHint.z
      value: 0
      objectReference: {fileID: 0}
    m_RemovedComponents: []
  m_SourcePrefab: {fileID: 100100000, guid: c709e9fc7bf5d83449df0ec2496923d0, type: 3}
--- !u!224 &8147524141520608974 stripped
RectTransform:
  m_CorrespondingSourceObject: {fileID: 7604088821887925699, guid: c709e9fc7bf5d83449df0ec2496923d0, type: 3}
  m_PrefabInstance: {fileID: 1771872285748405005}
  m_PrefabAsset: {fileID: 0}
--- !u!114 &8147524142772905072 stripped
MonoBehaviour:
  m_CorrespondingSourceObject: {fileID: 7604088821055047549, guid: c709e9fc7bf5d83449df0ec2496923d0, type: 3}
  m_PrefabInstance: {fileID: 1771872285748405005}
  m_PrefabAsset: {fileID: 0}
  m_GameObject: {fileID: 0}
  m_Enabled: 1
  m_EditorHideFlags: 0
  m_Script: {fileID: 11500000, guid: 5f7201a12d95ffc409449d95f23cf332, type: 3}
  m_Name: 
  m_EditorClassIdentifier: 
--- !u!1001 &2602274534799752043
PrefabInstance:
  m_ObjectHideFlags: 0
  serializedVersion: 2
  m_Modification:
    m_TransformParent: {fileID: 4406836593546086867}
    m_Modifications:
    - target: {fileID: -8679921383154817045, guid: c56ec55c19778bd408e1a2cb2f71ad45, type: 3}
      propertyPath: m_RootOrder
      value: 1
      objectReference: {fileID: 0}
    - target: {fileID: -8679921383154817045, guid: c56ec55c19778bd408e1a2cb2f71ad45, type: 3}
      propertyPath: m_LocalScale.x
      value: 0.2139092
      objectReference: {fileID: 0}
    - target: {fileID: -8679921383154817045, guid: c56ec55c19778bd408e1a2cb2f71ad45, type: 3}
      propertyPath: m_LocalScale.y
      value: 0.2139092
      objectReference: {fileID: 0}
    - target: {fileID: -8679921383154817045, guid: c56ec55c19778bd408e1a2cb2f71ad45, type: 3}
      propertyPath: m_LocalScale.z
      value: 0.2139092
      objectReference: {fileID: 0}
    - target: {fileID: -8679921383154817045, guid: c56ec55c19778bd408e1a2cb2f71ad45, type: 3}
      propertyPath: m_LocalPosition.x
      value: -0
      objectReference: {fileID: 0}
    - target: {fileID: -8679921383154817045, guid: c56ec55c19778bd408e1a2cb2f71ad45, type: 3}
      propertyPath: m_LocalPosition.y
      value: 0.00427
      objectReference: {fileID: 0}
    - target: {fileID: -8679921383154817045, guid: c56ec55c19778bd408e1a2cb2f71ad45, type: 3}
      propertyPath: m_LocalPosition.z
      value: -0
      objectReference: {fileID: 0}
    - target: {fileID: -8679921383154817045, guid: c56ec55c19778bd408e1a2cb2f71ad45, type: 3}
      propertyPath: m_LocalRotation.w
      value: 0.7071067
      objectReference: {fileID: 0}
    - target: {fileID: -8679921383154817045, guid: c56ec55c19778bd408e1a2cb2f71ad45, type: 3}
      propertyPath: m_LocalRotation.x
      value: -0.7071068
      objectReference: {fileID: 0}
    - target: {fileID: -8679921383154817045, guid: c56ec55c19778bd408e1a2cb2f71ad45, type: 3}
      propertyPath: m_LocalRotation.y
      value: 0
      objectReference: {fileID: 0}
    - target: {fileID: -8679921383154817045, guid: c56ec55c19778bd408e1a2cb2f71ad45, type: 3}
      propertyPath: m_LocalRotation.z
      value: -0
      objectReference: {fileID: 0}
    - target: {fileID: -8679921383154817045, guid: c56ec55c19778bd408e1a2cb2f71ad45, type: 3}
      propertyPath: m_LocalEulerAnglesHint.x
      value: 0
      objectReference: {fileID: 0}
    - target: {fileID: -8679921383154817045, guid: c56ec55c19778bd408e1a2cb2f71ad45, type: 3}
      propertyPath: m_LocalEulerAnglesHint.y
      value: 0
      objectReference: {fileID: 0}
    - target: {fileID: -8679921383154817045, guid: c56ec55c19778bd408e1a2cb2f71ad45, type: 3}
      propertyPath: m_LocalEulerAnglesHint.z
      value: 0
      objectReference: {fileID: 0}
    - target: {fileID: 919132149155446097, guid: c56ec55c19778bd408e1a2cb2f71ad45, type: 3}
      propertyPath: m_Name
      value: headphone
      objectReference: {fileID: 0}
    m_RemovedComponents: []
  m_SourcePrefab: {fileID: 100100000, guid: c56ec55c19778bd408e1a2cb2f71ad45, type: 3}
--- !u!1001 &4661563467758252004
PrefabInstance:
  m_ObjectHideFlags: 0
  serializedVersion: 2
  m_Modification:
    m_TransformParent: {fileID: 4532884365621316029}
    m_Modifications:
    - target: {fileID: -8679921383154817045, guid: c0025391bba112941afa860513d583a3, type: 3}
      propertyPath: m_RootOrder
      value: 0
      objectReference: {fileID: 0}
    - target: {fileID: -8679921383154817045, guid: c0025391bba112941afa860513d583a3, type: 3}
      propertyPath: m_LocalScale.x
      value: 7.220558
      objectReference: {fileID: 0}
    - target: {fileID: -8679921383154817045, guid: c0025391bba112941afa860513d583a3, type: 3}
      propertyPath: m_LocalScale.y
      value: 7.220558
      objectReference: {fileID: 0}
    - target: {fileID: -8679921383154817045, guid: c0025391bba112941afa860513d583a3, type: 3}
      propertyPath: m_LocalScale.z
      value: 7.220558
      objectReference: {fileID: 0}
    - target: {fileID: -8679921383154817045, guid: c0025391bba112941afa860513d583a3, type: 3}
      propertyPath: m_LocalPosition.x
      value: -0.029
      objectReference: {fileID: 0}
    - target: {fileID: -8679921383154817045, guid: c0025391bba112941afa860513d583a3, type: 3}
      propertyPath: m_LocalPosition.y
      value: 0.005
      objectReference: {fileID: 0}
    - target: {fileID: -8679921383154817045, guid: c0025391bba112941afa860513d583a3, type: 3}
      propertyPath: m_LocalPosition.z
      value: -0.472
      objectReference: {fileID: 0}
    - target: {fileID: -8679921383154817045, guid: c0025391bba112941afa860513d583a3, type: 3}
      propertyPath: m_LocalRotation.w
      value: 0.7071067
      objectReference: {fileID: 0}
    - target: {fileID: -8679921383154817045, guid: c0025391bba112941afa860513d583a3, type: 3}
      propertyPath: m_LocalRotation.x
      value: -0.7071068
      objectReference: {fileID: 0}
    - target: {fileID: -8679921383154817045, guid: c0025391bba112941afa860513d583a3, type: 3}
      propertyPath: m_LocalRotation.y
      value: 0
      objectReference: {fileID: 0}
    - target: {fileID: -8679921383154817045, guid: c0025391bba112941afa860513d583a3, type: 3}
      propertyPath: m_LocalRotation.z
      value: -0
      objectReference: {fileID: 0}
    - target: {fileID: -8679921383154817045, guid: c0025391bba112941afa860513d583a3, type: 3}
      propertyPath: m_LocalEulerAnglesHint.x
      value: 0
      objectReference: {fileID: 0}
    - target: {fileID: -8679921383154817045, guid: c0025391bba112941afa860513d583a3, type: 3}
      propertyPath: m_LocalEulerAnglesHint.y
      value: 0
      objectReference: {fileID: 0}
    - target: {fileID: -8679921383154817045, guid: c0025391bba112941afa860513d583a3, type: 3}
      propertyPath: m_LocalEulerAnglesHint.z
      value: 0
      objectReference: {fileID: 0}
    - target: {fileID: -7511558181221131132, guid: c0025391bba112941afa860513d583a3, type: 3}
      propertyPath: m_Materials.Array.data[0]
      value: 
      objectReference: {fileID: 2100000, guid: a597e46732e8f53469a9c8d9f7127470, type: 2}
    - target: {fileID: 919132149155446097, guid: c0025391bba112941afa860513d583a3, type: 3}
      propertyPath: m_Name
      value: circle
      objectReference: {fileID: 0}
    m_RemovedComponents: []
  m_SourcePrefab: {fileID: 100100000, guid: c0025391bba112941afa860513d583a3, type: 3}
--- !u!4 &5132848190069295119 stripped
Transform:
  m_CorrespondingSourceObject: {fileID: -8679921383154817045, guid: c0025391bba112941afa860513d583a3, type: 3}
  m_PrefabInstance: {fileID: 4661563467758252004}
  m_PrefabAsset: {fileID: 0}
--- !u!1001 &6180356778697012477
PrefabInstance:
  m_ObjectHideFlags: 0
  serializedVersion: 2
  m_Modification:
    m_TransformParent: {fileID: 8045055631827967736}
    m_Modifications:
    - target: {fileID: -8679921383154817045, guid: 4a34a003262711f4b8d3328e510964f3, type: 3}
      propertyPath: m_RootOrder
      value: 0
      objectReference: {fileID: 0}
    - target: {fileID: -8679921383154817045, guid: 4a34a003262711f4b8d3328e510964f3, type: 3}
      propertyPath: m_LocalScale.x
      value: 0.20000002
      objectReference: {fileID: 0}
    - target: {fileID: -8679921383154817045, guid: 4a34a003262711f4b8d3328e510964f3, type: 3}
      propertyPath: m_LocalScale.y
      value: 0.2
      objectReference: {fileID: 0}
    - target: {fileID: -8679921383154817045, guid: 4a34a003262711f4b8d3328e510964f3, type: 3}
      propertyPath: m_LocalScale.z
      value: 0.20000002
      objectReference: {fileID: 0}
    - target: {fileID: -8679921383154817045, guid: 4a34a003262711f4b8d3328e510964f3, type: 3}
      propertyPath: m_LocalPosition.x
      value: -1.0090004
      objectReference: {fileID: 0}
    - target: {fileID: -8679921383154817045, guid: 4a34a003262711f4b8d3328e510964f3, type: 3}
      propertyPath: m_LocalPosition.y
      value: 0
      objectReference: {fileID: 0}
    - target: {fileID: -8679921383154817045, guid: 4a34a003262711f4b8d3328e510964f3, type: 3}
      propertyPath: m_LocalPosition.z
      value: -1.1100006
      objectReference: {fileID: 0}
    - target: {fileID: -8679921383154817045, guid: 4a34a003262711f4b8d3328e510964f3, type: 3}
      propertyPath: m_LocalRotation.w
      value: 1
      objectReference: {fileID: 0}
    - target: {fileID: -8679921383154817045, guid: 4a34a003262711f4b8d3328e510964f3, type: 3}
      propertyPath: m_LocalRotation.x
      value: -0
      objectReference: {fileID: 0}
    - target: {fileID: -8679921383154817045, guid: 4a34a003262711f4b8d3328e510964f3, type: 3}
      propertyPath: m_LocalRotation.y
      value: -0
      objectReference: {fileID: 0}
    - target: {fileID: -8679921383154817045, guid: 4a34a003262711f4b8d3328e510964f3, type: 3}
      propertyPath: m_LocalRotation.z
      value: -0
      objectReference: {fileID: 0}
    - target: {fileID: -8679921383154817045, guid: 4a34a003262711f4b8d3328e510964f3, type: 3}
      propertyPath: m_LocalEulerAnglesHint.x
      value: 0
      objectReference: {fileID: 0}
    - target: {fileID: -8679921383154817045, guid: 4a34a003262711f4b8d3328e510964f3, type: 3}
      propertyPath: m_LocalEulerAnglesHint.y
      value: 0
      objectReference: {fileID: 0}
    - target: {fileID: -8679921383154817045, guid: 4a34a003262711f4b8d3328e510964f3, type: 3}
      propertyPath: m_LocalEulerAnglesHint.z
      value: 0
      objectReference: {fileID: 0}
    - target: {fileID: -6641891353743137060, guid: 4a34a003262711f4b8d3328e510964f3, type: 3}
      propertyPath: m_Materials.Array.data[0]
      value: 
      objectReference: {fileID: 2100000, guid: 880e51a569a97b7439a05c1d37d09773, type: 2}
    - target: {fileID: 919132149155446097, guid: 4a34a003262711f4b8d3328e510964f3, type: 3}
      propertyPath: m_Name
      value: stickman_fk
      objectReference: {fileID: 0}
    - target: {fileID: 919132149155446097, guid: 4a34a003262711f4b8d3328e510964f3, type: 3}
      propertyPath: m_IsActive
      value: 0
      objectReference: {fileID: 0}
    m_RemovedComponents: []
  m_SourcePrefab: {fileID: 100100000, guid: 4a34a003262711f4b8d3328e510964f3, type: 3}
--- !u!4 &4406836593546086867 stripped
Transform:
  m_CorrespondingSourceObject: {fileID: -1662616379218952914, guid: 4a34a003262711f4b8d3328e510964f3, type: 3}
  m_PrefabInstance: {fileID: 6180356778697012477}
  m_PrefabAsset: {fileID: 0}
--- !u!4 &5931153588885967638 stripped
Transform:
  m_CorrespondingSourceObject: {fileID: -8679921383154817045, guid: 4a34a003262711f4b8d3328e510964f3, type: 3}
  m_PrefabInstance: {fileID: 6180356778697012477}
  m_PrefabAsset: {fileID: 0}
--- !u!1 &6414357799935183276 stripped
GameObject:
  m_CorrespondingSourceObject: {fileID: 919132149155446097, guid: 4a34a003262711f4b8d3328e510964f3, type: 3}
  m_PrefabInstance: {fileID: 6180356778697012477}
  m_PrefabAsset: {fileID: 0}
--- !u!95 &7777874220434868856
Animator:
  serializedVersion: 3
  m_ObjectHideFlags: 0
  m_CorrespondingSourceObject: {fileID: 0}
  m_PrefabInstance: {fileID: 0}
  m_PrefabAsset: {fileID: 0}
  m_GameObject: {fileID: 6414357799935183276}
  m_Enabled: 1
  m_Avatar: {fileID: 0}
  m_Controller: {fileID: 9100000, guid: d6d926d8f93344149b3ca77e5bbd91f9, type: 2}
  m_CullingMode: 0
  m_UpdateMode: 0
  m_ApplyRootMotion: 0
  m_LinearVelocityBlending: 0
  m_WarningMessage: 
  m_HasTransformHierarchy: 1
  m_AllowConstantClipSamplingOptimization: 1
  m_KeepAnimatorControllerStateOnDisable: 0
--- !u!1001 &7703627984746719482
PrefabInstance:
  m_ObjectHideFlags: 0
  serializedVersion: 2
  m_Modification:
    m_TransformParent: {fileID: 7733733922231794937}
    m_Modifications:
    - target: {fileID: -8679921383154817045, guid: e63ee6a6935c17d4e8bd98a2cffebc13, type: 3}
      propertyPath: m_RootOrder
      value: 0
      objectReference: {fileID: 0}
    - target: {fileID: -8679921383154817045, guid: e63ee6a6935c17d4e8bd98a2cffebc13, type: 3}
      propertyPath: m_LocalPosition.x
      value: 0
      objectReference: {fileID: 0}
    - target: {fileID: -8679921383154817045, guid: e63ee6a6935c17d4e8bd98a2cffebc13, type: 3}
      propertyPath: m_LocalPosition.y
      value: 0
      objectReference: {fileID: 0}
    - target: {fileID: -8679921383154817045, guid: e63ee6a6935c17d4e8bd98a2cffebc13, type: 3}
      propertyPath: m_LocalPosition.z
      value: 0
      objectReference: {fileID: 0}
    - target: {fileID: -8679921383154817045, guid: e63ee6a6935c17d4e8bd98a2cffebc13, type: 3}
      propertyPath: m_LocalRotation.w
      value: 0.70710677
      objectReference: {fileID: 0}
    - target: {fileID: -8679921383154817045, guid: e63ee6a6935c17d4e8bd98a2cffebc13, type: 3}
      propertyPath: m_LocalRotation.x
      value: -0.7071069
      objectReference: {fileID: 0}
    - target: {fileID: -8679921383154817045, guid: e63ee6a6935c17d4e8bd98a2cffebc13, type: 3}
      propertyPath: m_LocalRotation.y
      value: -0.000000029802319
      objectReference: {fileID: 0}
    - target: {fileID: -8679921383154817045, guid: e63ee6a6935c17d4e8bd98a2cffebc13, type: 3}
      propertyPath: m_LocalRotation.z
      value: -0
      objectReference: {fileID: 0}
    - target: {fileID: -8679921383154817045, guid: e63ee6a6935c17d4e8bd98a2cffebc13, type: 3}
      propertyPath: m_LocalEulerAnglesHint.x
      value: 0
      objectReference: {fileID: 0}
    - target: {fileID: -8679921383154817045, guid: e63ee6a6935c17d4e8bd98a2cffebc13, type: 3}
      propertyPath: m_LocalEulerAnglesHint.y
      value: 0
      objectReference: {fileID: 0}
    - target: {fileID: -8679921383154817045, guid: e63ee6a6935c17d4e8bd98a2cffebc13, type: 3}
      propertyPath: m_LocalEulerAnglesHint.z
      value: 0
      objectReference: {fileID: 0}
    - target: {fileID: -7511558181221131132, guid: e63ee6a6935c17d4e8bd98a2cffebc13, type: 3}
      propertyPath: m_Materials.Array.data[0]
      value: 
      objectReference: {fileID: 2100000, guid: a597e46732e8f53469a9c8d9f7127470, type: 2}
    - target: {fileID: 919132149155446097, guid: e63ee6a6935c17d4e8bd98a2cffebc13, type: 3}
      propertyPath: m_Name
      value: stereo2
      objectReference: {fileID: 0}
    m_RemovedComponents: []
  m_SourcePrefab: {fileID: 100100000, guid: e63ee6a6935c17d4e8bd98a2cffebc13, type: 3}
--- !u!4 &7881987278550814481 stripped
Transform:
  m_CorrespondingSourceObject: {fileID: -8679921383154817045, guid: e63ee6a6935c17d4e8bd98a2cffebc13, type: 3}
  m_PrefabInstance: {fileID: 7703627984746719482}
  m_PrefabAsset: {fileID: 0}
--- !u!1001 &8130440991498333779
PrefabInstance:
  m_ObjectHideFlags: 0
  serializedVersion: 2
  m_Modification:
    m_TransformParent: {fileID: 8045055631827967736}
    m_Modifications:
    - target: {fileID: -8679921383154817045, guid: 4a34a003262711f4b8d3328e510964f3, type: 3}
      propertyPath: m_RootOrder
      value: 1
      objectReference: {fileID: 0}
    - target: {fileID: -8679921383154817045, guid: 4a34a003262711f4b8d3328e510964f3, type: 3}
      propertyPath: m_LocalScale.x
      value: 0.20000002
      objectReference: {fileID: 0}
    - target: {fileID: -8679921383154817045, guid: 4a34a003262711f4b8d3328e510964f3, type: 3}
      propertyPath: m_LocalScale.y
      value: 0.2
      objectReference: {fileID: 0}
    - target: {fileID: -8679921383154817045, guid: 4a34a003262711f4b8d3328e510964f3, type: 3}
      propertyPath: m_LocalScale.z
      value: 0.20000002
      objectReference: {fileID: 0}
    - target: {fileID: -8679921383154817045, guid: 4a34a003262711f4b8d3328e510964f3, type: 3}
      propertyPath: m_LocalPosition.x
      value: -0.285
      objectReference: {fileID: 0}
    - target: {fileID: -8679921383154817045, guid: 4a34a003262711f4b8d3328e510964f3, type: 3}
      propertyPath: m_LocalPosition.y
      value: 0
      objectReference: {fileID: 0}
    - target: {fileID: -8679921383154817045, guid: 4a34a003262711f4b8d3328e510964f3, type: 3}
      propertyPath: m_LocalPosition.z
      value: -0.711
      objectReference: {fileID: 0}
    - target: {fileID: -8679921383154817045, guid: 4a34a003262711f4b8d3328e510964f3, type: 3}
      propertyPath: m_LocalRotation.w
      value: 0.99945235
      objectReference: {fileID: 0}
    - target: {fileID: -8679921383154817045, guid: 4a34a003262711f4b8d3328e510964f3, type: 3}
      propertyPath: m_LocalRotation.x
      value: -0
      objectReference: {fileID: 0}
    - target: {fileID: -8679921383154817045, guid: 4a34a003262711f4b8d3328e510964f3, type: 3}
      propertyPath: m_LocalRotation.y
      value: -0.033091
      objectReference: {fileID: 0}
    - target: {fileID: -8679921383154817045, guid: 4a34a003262711f4b8d3328e510964f3, type: 3}
      propertyPath: m_LocalRotation.z
      value: -0
      objectReference: {fileID: 0}
    - target: {fileID: -8679921383154817045, guid: 4a34a003262711f4b8d3328e510964f3, type: 3}
      propertyPath: m_LocalEulerAnglesHint.x
      value: 0
      objectReference: {fileID: 0}
    - target: {fileID: -8679921383154817045, guid: 4a34a003262711f4b8d3328e510964f3, type: 3}
      propertyPath: m_LocalEulerAnglesHint.y
      value: -3.793
      objectReference: {fileID: 0}
    - target: {fileID: -8679921383154817045, guid: 4a34a003262711f4b8d3328e510964f3, type: 3}
      propertyPath: m_LocalEulerAnglesHint.z
      value: 0
      objectReference: {fileID: 0}
    - target: {fileID: -6641891353743137060, guid: 4a34a003262711f4b8d3328e510964f3, type: 3}
      propertyPath: m_Materials.Array.data[0]
      value: 
      objectReference: {fileID: 2100000, guid: 880e51a569a97b7439a05c1d37d09773, type: 2}
    - target: {fileID: 919132149155446097, guid: 4a34a003262711f4b8d3328e510964f3, type: 3}
      propertyPath: m_Name
      value: stickman_fk (1)
      objectReference: {fileID: 0}
    - target: {fileID: 919132149155446097, guid: 4a34a003262711f4b8d3328e510964f3, type: 3}
      propertyPath: m_IsActive
      value: 0
      objectReference: {fileID: 0}
    m_RemovedComponents: []
  m_SourcePrefab: {fileID: 100100000, guid: 4a34a003262711f4b8d3328e510964f3, type: 3}
--- !u!4 &3630549903916137619 stripped
Transform:
  m_CorrespondingSourceObject: {fileID: -4415941166735322432, guid: 4a34a003262711f4b8d3328e510964f3, type: 3}
  m_PrefabInstance: {fileID: 8130440991498333779}
  m_PrefabAsset: {fileID: 0}
--- !u!1 &8940851222077068034 stripped
GameObject:
  m_CorrespondingSourceObject: {fileID: 919132149155446097, guid: 4a34a003262711f4b8d3328e510964f3, type: 3}
  m_PrefabInstance: {fileID: 8130440991498333779}
  m_PrefabAsset: {fileID: 0}
--- !u!4 &8601761472771852728 stripped
Transform:
  m_CorrespondingSourceObject: {fileID: -8679921383154817045, guid: 4a34a003262711f4b8d3328e510964f3, type: 3}
  m_PrefabInstance: {fileID: 8130440991498333779}
  m_PrefabAsset: {fileID: 0}
--- !u!95 &4260811015414954472
Animator:
  serializedVersion: 3
  m_ObjectHideFlags: 0
  m_CorrespondingSourceObject: {fileID: 0}
  m_PrefabInstance: {fileID: 0}
  m_PrefabAsset: {fileID: 0}
  m_GameObject: {fileID: 8940851222077068034}
  m_Enabled: 1
  m_Avatar: {fileID: 0}
  m_Controller: {fileID: 9100000, guid: de472f3439d8abd43a00688ebac16a04, type: 2}
  m_CullingMode: 0
  m_UpdateMode: 0
  m_ApplyRootMotion: 0
  m_LinearVelocityBlending: 0
  m_WarningMessage: 
  m_HasTransformHierarchy: 1
  m_AllowConstantClipSamplingOptimization: 1
  m_KeepAnimatorControllerStateOnDisable: 0
--- !u!1001 &8147524141378946090
PrefabInstance:
  m_ObjectHideFlags: 0
  serializedVersion: 2
  m_Modification:
    m_TransformParent: {fileID: 1280972386870775685}
    m_Modifications:
    - target: {fileID: -8679921383154817045, guid: 9bee7a5f5cfed294288a5d6077802040, type: 3}
      propertyPath: m_RootOrder
      value: 0
      objectReference: {fileID: 0}
    - target: {fileID: -8679921383154817045, guid: 9bee7a5f5cfed294288a5d6077802040, type: 3}
      propertyPath: m_LocalPosition.x
      value: 0
      objectReference: {fileID: 0}
    - target: {fileID: -8679921383154817045, guid: 9bee7a5f5cfed294288a5d6077802040, type: 3}
      propertyPath: m_LocalPosition.y
      value: 0
      objectReference: {fileID: 0}
    - target: {fileID: -8679921383154817045, guid: 9bee7a5f5cfed294288a5d6077802040, type: 3}
      propertyPath: m_LocalPosition.z
      value: 0
      objectReference: {fileID: 0}
    - target: {fileID: -8679921383154817045, guid: 9bee7a5f5cfed294288a5d6077802040, type: 3}
      propertyPath: m_LocalRotation.w
      value: 0.70710677
      objectReference: {fileID: 0}
    - target: {fileID: -8679921383154817045, guid: 9bee7a5f5cfed294288a5d6077802040, type: 3}
      propertyPath: m_LocalRotation.x
      value: -0.70710695
      objectReference: {fileID: 0}
    - target: {fileID: -8679921383154817045, guid: 9bee7a5f5cfed294288a5d6077802040, type: 3}
      propertyPath: m_LocalRotation.y
      value: -0.000000029802319
      objectReference: {fileID: 0}
    - target: {fileID: -8679921383154817045, guid: 9bee7a5f5cfed294288a5d6077802040, type: 3}
      propertyPath: m_LocalRotation.z
      value: -0
      objectReference: {fileID: 0}
    - target: {fileID: -8679921383154817045, guid: 9bee7a5f5cfed294288a5d6077802040, type: 3}
      propertyPath: m_LocalEulerAnglesHint.x
      value: 0
      objectReference: {fileID: 0}
    - target: {fileID: -8679921383154817045, guid: 9bee7a5f5cfed294288a5d6077802040, type: 3}
      propertyPath: m_LocalEulerAnglesHint.y
      value: 0
      objectReference: {fileID: 0}
    - target: {fileID: -8679921383154817045, guid: 9bee7a5f5cfed294288a5d6077802040, type: 3}
      propertyPath: m_LocalEulerAnglesHint.z
      value: 0
      objectReference: {fileID: 0}
    - target: {fileID: -7511558181221131132, guid: 9bee7a5f5cfed294288a5d6077802040, type: 3}
      propertyPath: m_Materials.Array.data[0]
      value: 
      objectReference: {fileID: 2100000, guid: a597e46732e8f53469a9c8d9f7127470, type: 2}
    - target: {fileID: 919132149155446097, guid: 9bee7a5f5cfed294288a5d6077802040, type: 3}
      propertyPath: m_Name
      value: dj
      objectReference: {fileID: 0}
    m_RemovedComponents: []
  m_SourcePrefab: {fileID: 100100000, guid: 9bee7a5f5cfed294288a5d6077802040, type: 3}
--- !u!4 &8546542878782038977 stripped
Transform:
  m_CorrespondingSourceObject: {fileID: -8679921383154817045, guid: 9bee7a5f5cfed294288a5d6077802040, type: 3}
  m_PrefabInstance: {fileID: 8147524141378946090}
  m_PrefabAsset: {fileID: 0}
--- !u!1001 &8147524142633671004
PrefabInstance:
  m_ObjectHideFlags: 0
  serializedVersion: 2
  m_Modification:
    m_TransformParent: {fileID: 4532884365621316029}
    m_Modifications:
    - target: {fileID: -8679921383154817045, guid: 8d0f1f0b7907831469120a0026566fa2, type: 3}
      propertyPath: m_RootOrder
      value: 1
      objectReference: {fileID: 0}
    - target: {fileID: -8679921383154817045, guid: 8d0f1f0b7907831469120a0026566fa2, type: 3}
      propertyPath: m_LocalScale.x
      value: 49.67918
      objectReference: {fileID: 0}
    - target: {fileID: -8679921383154817045, guid: 8d0f1f0b7907831469120a0026566fa2, type: 3}
      propertyPath: m_LocalScale.z
      value: 49.67919
      objectReference: {fileID: 0}
    - target: {fileID: -8679921383154817045, guid: 8d0f1f0b7907831469120a0026566fa2, type: 3}
      propertyPath: m_LocalPosition.x
      value: -0.146
      objectReference: {fileID: 0}
    - target: {fileID: -8679921383154817045, guid: 8d0f1f0b7907831469120a0026566fa2, type: 3}
      propertyPath: m_LocalPosition.y
      value: 0.001
      objectReference: {fileID: 0}
    - target: {fileID: -8679921383154817045, guid: 8d0f1f0b7907831469120a0026566fa2, type: 3}
      propertyPath: m_LocalPosition.z
      value: -1.034
      objectReference: {fileID: 0}
    - target: {fileID: -8679921383154817045, guid: 8d0f1f0b7907831469120a0026566fa2, type: 3}
      propertyPath: m_LocalRotation.w
      value: 0.6123727
      objectReference: {fileID: 0}
    - target: {fileID: -8679921383154817045, guid: 8d0f1f0b7907831469120a0026566fa2, type: 3}
      propertyPath: m_LocalRotation.x
      value: -0.6123728
      objectReference: {fileID: 0}
    - target: {fileID: -8679921383154817045, guid: 8d0f1f0b7907831469120a0026566fa2, type: 3}
      propertyPath: m_LocalRotation.y
      value: 0.35355288
      objectReference: {fileID: 0}
    - target: {fileID: -8679921383154817045, guid: 8d0f1f0b7907831469120a0026566fa2, type: 3}
      propertyPath: m_LocalRotation.z
      value: 0.3535529
      objectReference: {fileID: 0}
    - target: {fileID: -8679921383154817045, guid: 8d0f1f0b7907831469120a0026566fa2, type: 3}
      propertyPath: m_LocalEulerAnglesHint.x
      value: -90
      objectReference: {fileID: 0}
    - target: {fileID: -8679921383154817045, guid: 8d0f1f0b7907831469120a0026566fa2, type: 3}
      propertyPath: m_LocalEulerAnglesHint.y
      value: 0
      objectReference: {fileID: 0}
    - target: {fileID: -8679921383154817045, guid: 8d0f1f0b7907831469120a0026566fa2, type: 3}
      propertyPath: m_LocalEulerAnglesHint.z
      value: 60
      objectReference: {fileID: 0}
    - target: {fileID: 919132149155446097, guid: 8d0f1f0b7907831469120a0026566fa2, type: 3}
      propertyPath: m_Name
      value: friend_needed
      objectReference: {fileID: 0}
    - target: {fileID: 919132149155446097, guid: 8d0f1f0b7907831469120a0026566fa2, type: 3}
      propertyPath: m_IsActive
      value: 0
      objectReference: {fileID: 0}
    m_RemovedComponents: []
  m_SourcePrefab: {fileID: 100100000, guid: 8d0f1f0b7907831469120a0026566fa2, type: 3}
--- !u!4 &8546542877485055671 stripped
Transform:
  m_CorrespondingSourceObject: {fileID: -8679921383154817045, guid: 8d0f1f0b7907831469120a0026566fa2, type: 3}
  m_PrefabInstance: {fileID: 8147524142633671004}
  m_PrefabAsset: {fileID: 0}
--- !u!1001 &8529505822858970931
PrefabInstance:
  m_ObjectHideFlags: 0
  serializedVersion: 2
  m_Modification:
    m_TransformParent: {fileID: 6777052452170162849}
    m_Modifications:
    - target: {fileID: -8679921383154817045, guid: e63ee6a6935c17d4e8bd98a2cffebc13, type: 3}
      propertyPath: m_RootOrder
      value: 0
      objectReference: {fileID: 0}
    - target: {fileID: -8679921383154817045, guid: e63ee6a6935c17d4e8bd98a2cffebc13, type: 3}
      propertyPath: m_LocalPosition.x
      value: 0
      objectReference: {fileID: 0}
    - target: {fileID: -8679921383154817045, guid: e63ee6a6935c17d4e8bd98a2cffebc13, type: 3}
      propertyPath: m_LocalPosition.y
      value: 0
      objectReference: {fileID: 0}
    - target: {fileID: -8679921383154817045, guid: e63ee6a6935c17d4e8bd98a2cffebc13, type: 3}
      propertyPath: m_LocalPosition.z
      value: 0
      objectReference: {fileID: 0}
    - target: {fileID: -8679921383154817045, guid: e63ee6a6935c17d4e8bd98a2cffebc13, type: 3}
      propertyPath: m_LocalRotation.w
      value: 0.70710677
      objectReference: {fileID: 0}
    - target: {fileID: -8679921383154817045, guid: e63ee6a6935c17d4e8bd98a2cffebc13, type: 3}
      propertyPath: m_LocalRotation.x
      value: -0.7071069
      objectReference: {fileID: 0}
    - target: {fileID: -8679921383154817045, guid: e63ee6a6935c17d4e8bd98a2cffebc13, type: 3}
      propertyPath: m_LocalRotation.y
      value: -0.000000029802319
      objectReference: {fileID: 0}
    - target: {fileID: -8679921383154817045, guid: e63ee6a6935c17d4e8bd98a2cffebc13, type: 3}
      propertyPath: m_LocalRotation.z
      value: -0
      objectReference: {fileID: 0}
    - target: {fileID: -8679921383154817045, guid: e63ee6a6935c17d4e8bd98a2cffebc13, type: 3}
      propertyPath: m_LocalEulerAnglesHint.x
      value: 0
      objectReference: {fileID: 0}
    - target: {fileID: -8679921383154817045, guid: e63ee6a6935c17d4e8bd98a2cffebc13, type: 3}
      propertyPath: m_LocalEulerAnglesHint.y
      value: 0
      objectReference: {fileID: 0}
    - target: {fileID: -8679921383154817045, guid: e63ee6a6935c17d4e8bd98a2cffebc13, type: 3}
      propertyPath: m_LocalEulerAnglesHint.z
      value: 0
      objectReference: {fileID: 0}
    - target: {fileID: -7511558181221131132, guid: e63ee6a6935c17d4e8bd98a2cffebc13, type: 3}
      propertyPath: m_Materials.Array.data[0]
      value: 
      objectReference: {fileID: 2100000, guid: a597e46732e8f53469a9c8d9f7127470, type: 2}
    - target: {fileID: 919132149155446097, guid: e63ee6a6935c17d4e8bd98a2cffebc13, type: 3}
      propertyPath: m_Name
      value: stereo2 (1)
      objectReference: {fileID: 0}
    m_RemovedComponents: []
  m_SourcePrefab: {fileID: 100100000, guid: e63ee6a6935c17d4e8bd98a2cffebc13, type: 3}
--- !u!4 &8202283246514331864 stripped
Transform:
  m_CorrespondingSourceObject: {fileID: -8679921383154817045, guid: e63ee6a6935c17d4e8bd98a2cffebc13, type: 3}
  m_PrefabInstance: {fileID: 8529505822858970931}
  m_PrefabAsset: {fileID: 0}
